<?xml version="1.0" encoding="UTF-8"?><record xmlns="http://www.loc.gov/MARC21/slim" xmlns:cinclude="http://apache.org/cocoon/include/1.0" xmlns:zs="http://www.loc.gov/zing/srw/">
  <leader>00444nz  a2200145n  4500</leader>
  <controlfield tag="001">no 98074343 </controlfield>
  <controlfield tag="003">DLC</controlfield>
  <controlfield tag="005">19980326052419.0</controlfield>
  <controlfield tag="008">980325n| acannaab|          |a aaa     c</controlfield>
  <datafield tag="010" ind1=" " ind2=" ">
    <subfield code="a">no 98074343 </subfield>
  </datafield>
  <datafield tag="035" ind1=" " ind2=" ">
    <subfield code="a">(OCoLC)oca04690808 </subfield>
  </datafield>
  <datafield tag="040" ind1=" " ind2=" ">
    <subfield code="a">NNC</subfield>
    <subfield code="c">NNC</subfield>
  </datafield>
  <datafield tag="100" ind1="1" ind2="0">
    <subfield code="a">Melสนnik, Alla</subfield>
  </datafield>
  <datafield tag="400" ind1="1" ind2="0">
    <subfield code="a">Melสนnik, A. V.</subfield>
    <subfield code="q">(Alla Vladimirovna)</subfield>
  </datafield>
  <datafield tag="670" ind1=" " ind2=" ">
    <subfield code="a">Molitva o Rossii, 1997:</subfield>
    <subfield code="b">t.p. (Alla Melสนnik) CIP (Melสนnik A. V.) colophon (Alla Vladimirovna Melสนnik)</subfield>
  </datafield>
</record>